<record><leader>00000cas a22000007a 4500</leader><controlfield tag="001">14163278</controlfield><controlfield tag="008">860829d19161976wiuwr ne      0    0eng d</controlfield><datafield ind1=" " ind2=" " tag="010"><subfield code="a">sn 86086646 </subfield></datafield><datafield ind1=" " ind2=" " tag="040"><subfield code="a">NPV</subfield><subfield code="b">eng</subfield><subfield code="c">NPV</subfield><subfield code="d">OCLCQ</subfield></datafield><datafield ind1=" " ind2=" " tag="042"><subfield code="a">msc</subfield></datafield><datafield ind1=" " ind2=" " tag="045"><subfield code="a">x1x7</subfield></datafield><datafield ind1=" " ind2=" " tag="052"><subfield code="a">4123</subfield><subfield code="b">M6</subfield><subfield code="b">W5</subfield></datafield><datafield ind1="0" ind2=" " tag="130"><subfield code="a">West Allis star (West Allis, Wis. : 1916)</subfield></datafield><datafield ind1="1" ind2="4" tag="245"><subfield code="a">The West Allis star.</subfield></datafield><datafield ind1=" " ind2=" " tag="260"><subfield code="a">West Allis, Wis. :</subfield><subfield code="b">Sells Print. Co.,</subfield><subfield code="c">1916-1976.</subfield></datafield><datafield ind1=" " ind2=" " tag="300"><subfield code="a">64 v. :</subfield><subfield code="b">ill.</subfield></datafield><datafield ind1=" " ind2=" " tag="310"><subfield code="a">Weekly</subfield></datafield><datafield ind1=" " ind2=" " tag="321"><subfield code="a">Semiweekly,</subfield><subfield code="b">Vol. 42, no. 31 (June 1, 1962)-v. 46, no. 67 (Oct. 4, 1962)</subfield></datafield><datafield ind1=" " ind2=" " tag="321"><subfield code="a">Weekly,</subfield><subfield code="b">Vol. 1, no. 1 (Dec. 14, 1916)-v. 42, no. 30 (May 24, 1962)</subfield></datafield><datafield ind1="0" ind2=" " tag="362"><subfield code="a">Vol. 1, no. 1 (Dec. 14, 1916)-v. 64, no. 12 (Jan. 15, 1976).</subfield></datafield><datafield ind1=" " ind2=" " tag="500"><subfield code="a">Publisher varies.</subfield></datafield><datafield ind1=" " ind2=" " tag="500"><subfield code="a">"Serving West Allis and Its Suburban Neighbors of West Milwaukee, Greenfield, Hales Corners, and New Berlin."</subfield></datafield><datafield ind1=" " ind2=" " tag="500"><subfield code="a">Editors: E.W. Feldschneider, Dec. 14, 1916-&lt;Dec. 21, 1916&gt;; L.J. Krebs, Oct. 4, 1928-Nov. 2, 1933; W.C. Lant, Nov. 9, 1933-&lt;June 14, 1934&gt;; J.D. Grace, March 21, 1935-Feb. 18, 1943; A.H. Klentz, March 4, 1943-April 13, 1944; C.T. Benson, April 20, 1944-Jan. 24, 1946; H.L. Beierle, June 3, 1954-Oct. 13, 1954; J. Pearson, March 5, 1959-May 25, 1960; H.E. Saxton, Aug. 10, 1961-Oct. 19, 1961; R. Menke, Oct. 26, 1961-Aug. 14, 1962; V.C. Hohl, Aug. 16, 1962-May 16, 1963; J. Pearson, May 29, 1963-Oct. 10, 1963; P. Schmitt, Oct. 17, 1963-Feb. 20, 1964; T.A. Hutchison, Feb. 27, 1964-July 30, 1964; D.E. Hutchison, Nov. 23, 1966-Jan. 4, 1973; A.M. Dobish, Jan. 11, 1973-Jan. 15, 1976.</subfield></datafield><datafield ind1=" " ind2=" " tag="530"><subfield code="a">Available on microfilm from The State Historical Society of Wisconsin.</subfield></datafield><datafield ind1=" " ind2=" " tag="752"><subfield code="a">United States</subfield><subfield code="b">Wisconsin</subfield><subfield code="c">Milwaukee</subfield><subfield code="d">West Allis.</subfield></datafield><datafield ind1=" " ind2=" " tag="752"><subfield code="a">United States</subfield><subfield code="b">Wisconsin</subfield><subfield code="c">Milwaukee</subfield><subfield code="d">West Milwaukee.</subfield></datafield><datafield ind1=" " ind2=" " tag="752"><subfield code="a">United States</subfield><subfield code="b">Wisconsin</subfield><subfield code="c">Milwaukee</subfield><subfield code="d">Greenfield.</subfield></datafield><datafield ind1=" " ind2=" " tag="752"><subfield code="a">United States</subfield><subfield code="b">Wisconsin</subfield><subfield code="c">Milwaukee</subfield><subfield code="d">Hales Corners.</subfield></datafield><datafield ind1=" " ind2=" " tag="752"><subfield code="a">United States</subfield><subfield code="b">Wisconsin</subfield><subfield code="c">Waukesha</subfield><subfield code="d">New Berlin.</subfield></datafield><datafield ind1="0" ind2="5" tag="780"><subfield code="t">West Allis press</subfield></datafield><datafield ind1="0" ind2="0" tag="785"><subfield code="t">West Allis post and star</subfield><subfield code="w">(DLC)sn 86086647</subfield></datafield><datafield ind1="1" ind2=" " tag="029"><subfield code="a">AU@</subfield><subfield code="b">000025831050</subfield></datafield></record>